<record><leader>00000cas a22000007a 4500</leader><controlfield tag="001">17426682</controlfield><controlfield tag="008">880203d19481948lauwr ne      0    0eng d</controlfield><datafield ind1=" " ind2=" " tag="010"><subfield code="a">sn 88064023 </subfield></datafield><datafield ind1=" " ind2=" " tag="040"><subfield code="a">LNP</subfield><subfield code="b">eng</subfield><subfield code="c">LNP</subfield><subfield code="d">OCLCQ</subfield></datafield><datafield ind1=" " ind2=" " tag="042"><subfield code="a">msc</subfield></datafield><datafield ind1="0" ind2="0" tag="245"><subfield code="a">Tangi talk and the Amite progress.</subfield></datafield><datafield ind1="1" ind2="3" tag="246"><subfield code="a">Tangi talk</subfield></datafield><datafield ind1=" " ind2=" " tag="260"><subfield code="a">Amite, La. :</subfield><subfield code="b">Howard Barman</subfield></datafield><datafield ind1=" " ind2=" " tag="300"><subfield code="a">v.</subfield></datafield><datafield ind1=" " ind2=" " tag="310"><subfield code="a">Weekly</subfield></datafield><datafield ind1="0" ind2=" " tag="362"><subfield code="a">Vol. 18, no. 45 (Feb. 19, 1948)-v. 18, no. 49 (Mar. 18, 1948).</subfield></datafield><datafield ind1=" " ind2=" " tag="752"><subfield code="a">United States</subfield><subfield code="b">Louisiana</subfield><subfield code="c">Tangipahoa</subfield><subfield code="d">Amite City.</subfield></datafield><datafield ind1="0" ind2="0" tag="780"><subfield code="t">Amite progress</subfield><subfield code="w">(DLC)sn 88064022</subfield></datafield><datafield ind1="0" ind2="0" tag="785"><subfield code="t">Tangi talk</subfield><subfield code="w">(DLC)sn 88064024</subfield></datafield></record>